@book{BingLiu,
  	title = {Web Data Mining},
  	author = {Bing Liu},
  	year = {2007},
	  publisher = {Springer}}

@misc{Engecom,
	author = {Edson de O. Pamplona},
	title = {Engenharia Econômica II},
	year = {2005},
	url = {http://www.iepg.unifei.edu.br/edson/download/Engecon2/CAP5EE2PLapost.pdf},
	urlaccessdate = {04/06/2012}}

@phdthesis{Escobar,
	author = {Víctor Heughes Escobar Jeria},
	title = {Minería Web de Uso y Perfiles de Usuario: Aplicaciones con Lógica Difusa},
	school = {DEPARTAMENTO DE CIENCIAS DE LA COMPUTACIÓN E INTELIGENCIA ARTIFICIAL, Universidad de Granada},
	year = {2007}}

@Book{Hillier,
	title = {{Introdução à Pesquisa Operacional}},
	publisher = {Mc-Graw-Hill},
	author = {F. Hillier and G. Lieberman},
	year = {2006},
	edition = {8º}
}

@Article{Kosala,
	title = {{Web Mining Research: A Survey}},
	author = {Hendrik Blockeel; Raymond Kosala },
	month = {Julho},
	year = {2000},
	volume = {2},
	journal = {ACM SIGKDD Explorations Newsletter, ACM Press}
}

@article{Zang,
 author = {Zhang, Xuejun and Edwards, John and Harding, Jenny},
 title = {Personalised online sales using web usage data mining},
 journal = {Comput. Ind.},
 issue_date = {December, 2007},
 volume = {58},
 number = {8-9},
 month = dec,
 year = {2007},
 issn = {0166-3615},
 pages = {772--782},
 numpages = {11},
 url = {http://dx.doi.org/10.1016/j.compind.2007.02.004},
 doi = {10.1016/j.compind.2007.02.004},
 acmid = {1293642},
 publisher = {Elsevier Science Publishers B. V.},
 address = {Amsterdam, The Netherlands, The Netherlands},
 keywords = {Data mining, Internet sales, Neural network, SOM},
}

@article{HoCho,
  added-at = {2005-02-22T00:00:00.000+0100},
  author = {Cho, Yoon Ho and Kim, Jae Kyeong and Kim, Soung Hie},
  biburl = {http://www.bibsonomy.org/bibtex/269615ab19cb2789bd0b8aeec4977ad2e/dblp},
  date = {2005-02-22},
  description = {dblp},
  ee = {http://dx.doi.org/10.1016/S0957-4174(02)00052-0},
  interhash = {72baca127db8eec1f78f49fa801429a9},
  intrahash = {69615ab19cb2789bd0b8aeec4977ad2e},
  journal = {Expert Syst. Appl.},
  keywords = {dblp},
  number = 3,
  pages = {329-342},
  timestamp = {2005-02-22T00:00:00.000+0100},
  title = {A personalized recommender system based on web usage mining and decision tree induction.},
  volume = 23,
  year = 2002
}


@article{Carmona,
  added-at = {2012-06-06T00:00:00.000+0200},
  author = {Carmona, Cristóbal J. and Ramírez-Gallego, S. and Torres, F. and Bernal, E. and del Jesus, M. J. and García, Salvador},
  biburl = {http://www.bibsonomy.org/bibtex/20edc56c2ea8bdd71cc8925f3bbbdb62b/dblp},
  ee = {http://dx.doi.org/10.1016/j.eswa.2012.03.046},
  interhash = {dbc48a6ea924e904c514a06fbffc3fda},
  intrahash = {0edc56c2ea8bdd71cc8925f3bbbdb62b},
  journal = {Expert Syst. Appl.},
  keywords = {dblp},
  number = 12,
  pages = {11243-11249},
  timestamp = {2012-06-06T00:00:00.000+0200},
  title = {Web usage mining to improve the design of an e-commerce website: OrOliveSur.com.},
  volume = 39,
  year = 2012
}

@Article{Girardi,
	author = {Leandro Balby Marinho and Rosario Girardi},
	year = {2003},
	month = {Junho},
	volume = {3},
	title = {{Mineração na Web}},
	journal = {REIC - REVISTA ELETRÔNICA DE INICIAÇÃO CIENTÍFICA} }

@Article{Castano,
	author = {Andres Casta{\~ n}o},
	year = {2009},
	month = {Dezembro},
	volume = {4},
	pages = {27 - 37},
	title = {{Minería de uso Web para la identificación de patrones}},
	journal = {Vector} }

@Article{Schafer,
	author = {SCHAFER, J. Ben},
	year = {2001},
	month = {Janeiro},
	volume = {5},
	title = {{E-commerce recommendation applications}},
	journal = {Journal of Data Mining and Knowledge Discovery} }


@Article{Pal,
	author = {Sankar K. Pal and Varum Talwar and Pabitra Mitra},
	year = {2002},
	month = {Setembro},
	volume = {13},
	pages = {1163 - 1177},
	title = {{Web Mining in Soft Computing Framework: Relevant, State of the Art and Future Directions}},
	journal = {IEEE TRANSACTIONS ON NEURAL NETWORKS} }

@phdthesis{Cooley,
	title = {{Web usage mining: Discovery and application of Interesting Patterns from Web data}},
	school = {Faculty of The Graduate School, University of Minnesota},
	author = {Robert Walker Cooley},
	year = {2000},
	month = {Maio}
}
@Article{Cutting,
	title = {A cluster based approach to browsing large document collections},
	author = {Douglass R. Cutting and David R. Karger and Jan O. Pedersen and John W. Turkey},
	year = {1992},
	journal = {Proceedings of the Fifteenth International Conference on Research and Development in Information Retrieaval}
}

@MastersThesis{Munari,
	title = {{Técnicas Computacionais para uma implementação eficiente e estável de metódos tipo smplex}},
	school = {Instituto de Ciências Matemáticas e de Computação, ICMP-USP},
	author = {Pedro Augusto Munari Junior},
	year = {2009}
}


@Book{Taha,
	title = {{Operation Research: An Introduction}},
	author = {H. A. Taha},
	edition = {8},
	year = {2008},
	publisher = {Pearson},
}

@Article{FrossardMaxMin,
	author = {Afonso Celso Pagano Frossard},
	year = {2009},
	journal = {Revista Científica da Faculdade Lourenço Filho},
	title = {{Programação Linear: Maximização de Lucro e Minimização de Custos}},
	number = {1},
	volume = {6}
}

@InProceedings{YarmishWave,
	booktitle = {MATH'06 Proceedings of the 10th WSEAS International Conference on Applied Mathematics},
	author = {Gavriel Yarmish},
	month = {November},
	pages = {226-228},
	editor = {G. R. Dattatreya Department of Computer Science, University of Texas at Dallas},
	title = {{The Simplex Method Applied to Wavelet Decomposition}},
	year = {2006}
}

@Misc{Ondaletas,
	author = {Agucto César Barros Barbosa; Denizar Blitzkow},
	month = {Maio},
	year = {2008},
	title = {{Ondaletas: Histórico e Aplicação}}
}

@MastersThesis{Peixoto-wavelet,
	title = {{Resolução numérica de EDPs
utilizando ondaletas harmônicas}},
	author = {Pedro da Silva Peixoto},
	month = {Junho},
	school = {Instituto de Matemática e Estátistica da Universidade de São Paulo},
	year = {2009}
}

@PhDThesis{Leite-wavelet,
	year = {2007},
	author = {Francisco Edcarlos Alves Leite},
	month = {Dezembro},
	school = {Universidade Federal do Rio Grande do Norte Centro de Ciências Exatas e da Terra Departamento de Física Teórica e Experimental},
	title = {{Análise Estatística de Padrões Sísmicos: Decomposição em Multiescala}}
}

@Article{Alterovitz-saude,
	number = {11},
	year = {2006},
	author = {Ron Alterovitz; Etienne Lessard; Jean Pouliot; I-Chow Joe Hsu; James F. O’Brien; Ken Goldberg},
	volume = {33},
	title = {{Optimization of HDR brachytherapy dose distributions using linear
programming with penalty costs}},
	journal = {The International Journal of Medical Physics Research and Practice}
}

@InBook{Akira-database,
	author = {Akira Kawaguchi; Andrew Nagel },
	publisher = {InTech},
	year = {2008},
	title = {{New Developments in Robotics, Automation and Control}},
	pages = {339-354},
	chapter = {Linear Programming in Database  }
}

@Article{Slyke,
	number = {3},
	year = {2009},
	month = {Setembro},
	journal = {The Journal of Supercomputing},
	volume = {49},
	author = {Gavriel Yarmish; Richard Slyke},
	pages = {373 - 381 },
	title = {{A Distributed, scaleable simplex method}}
}

@Article{Chen,
	pages = {129-159},
	journal = {SIAM Review},
	title = {{Atomic Decomposition by Basis Pursuit}},
	volume = {43},
	year = {2001},
	number = {1},
	author = {Scott Shaobing Chen; David L. Donoho; Michael A. Saunders}
}

@Article{Komodakis,
	pages = {1436-1453},
	journal = {IEEE Transactions on Pattern Analysis and Machine Intelligence},
	title = {{Approximate Labeling via Graph Cuts Based on Linear Programming}},
	volume = {29},
	year = {2007},
	number = {8},
	author = {Nikos Komodakis; Georgios Tziritas}
}

@PhDThesis{Yarmish-Distrubuido,
	title = {{A Distributed Implementation of the Simplex Method }},
	year = {2001},
	author = {Gavriel Yarmish },
	school = {Polytechnic University},
	month = {Março}
}

@Article{Burger,
	author = {Mathias Bürger; Giuseppe Notarstefano; Francesco Bullo; Frank Allgöwer},
	journal = {Automatica},
	month = {Maio},
	year = {2011},
	title = {{A Distributed Simplex Algorithm for Degenerate
Linear Programs and Multi-Agent Assignments}}
}

@Article{Karmarkar,
	year = {1984},
	title = {{A new polynomial algorithm for linear programming}},
	pages = {373-395},
	author = {N. Karmarkar},
	journal = {Combinatorica},
	volume = {4}
}

@Book{Dan,
	year = {1963},
	author = {G. Danzitg},
	publisher = {Princeton University Press},
	title = {{Linear Programming and Extensions}}
}

